@article{hong2016speculative,
	title={Speculative betas},
	author={Hong, Harrison and Sraer, David A},
	journal={The Journal of Finance},
	volume={71},
	number={5},
	pages={2095--2144},
	year={2016},
	publisher={Wiley Online Library}
}